@online{wise,
    title={WISE Image Search Engine (WISE)},
    author={Prasanna Sridhar and Horace Lee and Abhishek Dutta},
    url={https://gitlab.com/vgg/wise/wise},
    year={2025},
}

@online{ise,
    title={Image Search Engine},
    author={Dipankar Medhi},
    year={2025},
    url={https://github.com/d1pankarmedhi/image-search-engine}
}
@online{uv,
    title={An extremely fast Python package and project manager, written in Rust.},
    author={Astral},
    year={2025},
    url={https://github.com/astral-sh/uv}
}




@software{ilharco_gabriel_2021_5143773,
  author       = {Ilharco, Gabriel and
                  Wortsman, Mitchell and
                  Wightman, Ross and
                  Gordon, Cade and
                  Carlini, Nicholas and
                  Taori, Rohan and
                  Dave, Achal and
                  Shankar, Vaishaal and
                  Namkoong, Hongseok and
                  Miller, John and
                  Hajishirzi, Hannaneh and
                  Farhadi, Ali and
                  Schmidt, Ludwig},
  title        = {OpenCLIP},
  month        = jul,
  year         = 2021,
  note         = {If you use this software, please cite it as below.},
  publisher    = {Zenodo},
  version      = {0.1},
  doi          = {10.5281/zenodo.5143773},
  url          = {https://doi.org/10.5281/zenodo.5143773}
}
@inproceedings{cherti2023reproducible,
  title={Reproducible scaling laws for contrastive language-image learning},
  author={Cherti, Mehdi and Beaumont, Romain and Wightman, Ross and Wortsman, Mitchell and Ilharco, Gabriel and Gordon, Cade and Schuhmann, Christoph and Schmidt, Ludwig and Jitsev, Jenia},
  booktitle={Proceedings of the IEEE/CVF Conference on Computer Vision and Pattern Recognition},
  pages={2818--2829},
  year={2023}
}